@article{soldan2004computer,
  title={Computer Engineering 2004: Curriculum Guidelines for Undergraduate Degree programs in Computer Engineering},
  author={Soldan, D and Hughes, JLA and Impagliazzo, J and McGettrick, A and Nelson, VP and Srimani, PK and Theys, MD},
  journal={IEEE Computer Society(IEEE-CS), Association for Computing Machinery (ACM)},
  year={2004}
}

@article{mariesim,
  title={MarieSim: The MARIE computer simulator},
  author={Null, Linda and Lobur, Julia},
  journal={Journal on Educational Resources in Computing (JERIC)},
  volume={3},
  number={2},
  pages={1},
  year={2003},
  publisher={ACM}
}


@article {nativeFPGA,
author = {Cifredo-Chacon, Ma De Los Angeles and Quiros-Olozabal, Angel and Guerrero-Rodriguez, Jose Mar√≠a},
title = {Computer architecture and FPGAs: A learning-by-doing methodology for digital-native students},
journal = {Computer Applications in Engineering Education},
issn = {1099-0542},
url = {http://dx.doi.org/10.1002/cae.21617},
doi = {10.1002/cae.21617},
pages = {n/a--n/a},
keywords = {learning-by-doing, computer organization, integrated-learning, computer organization, FPGA, VHDL},
year = {2015},
}

@article{digitalNatives,
  title={Digital natives, digital immigrants part 1},
  author={Prensky, Marc},
  journal={On the horizon},
  volume={9},
  number={5},
  pages={1--6},
  year={2001},
  publisher={MCB UP Ltd}
}

@inproceedings{suresh2014fpga,
  title={FPGA Implementation of MIPS RISC Processor},
  author={Suresh, S and Ganesh, R},
  booktitle={International Journal of Engineering Research and Technology},
  volume={3},
  number={1 (January-2014)},
  year={2014},
  organization={ESRSA Publications}
}

@inproceedings{jansen2014every,
  title={Every student makes his own microprocessor},
  author={Jansen, Dirk and Dusch, Benjamin},
  booktitle={Microelectronics Education (EWME), 10th European Workshop on},
  pages={97--101},
  year={2014},
  organization={IEEE}
}

@INPROCEEDINGS{6211804, 
 author={Pereira, M.C. and Viera, P.V. and Raabe, A.L.A. and Zeferino, C.A.}, 
 booktitle={Programmable Logic (SPL), 2012 VIII Southern Conference on}, 
 title={A basic processor for teaching digital circuits and systems design with FPGA}, 
 year={2012}, 
 month={March}, 
 pages={1-6}, 
 doi={10.1109/SPL.2012.6211804},}

@inproceedings{nakano2008processor,
  title={Processor, assembler, and compiler design education using an FPGA},
  author={Nakano, Koji and Ito, Yasuaki},
  booktitle={Parallel and Distributed Systems, 2008. ICPADS'08. 14th IEEE International Conference on},
  pages={723--728},
  year={2008},
  organization={IEEE}
}

@inproceedings{holland2003harnessing,
  title={Harnessing FPGAs for computer architecture education},
  author={Holland, Mark and Harris, James and Hauck, Scott},
  booktitle={Microelectronic Systems Education, 2003. Proceedings. 2003 IEEE International Conference on},
  pages={12--13},
  year={2003},
  organization={IEEE}
}


@article{el2011teaching,
  title={Teaching computer architecture and organization using simulation and FPGAs},
  author={El-Din, AY and Krad, Hasan},
  journal={International Journal of Information and Education Technology},
  volume={1},
  number={3},
  pages={190--194},
  year={2011}
}

@book{hennessyPatterson,
  title={Computer organization and design: the hardware/software interface},
  author={Patterson, David A and Hennessy, John L},
  year={2013},
  publisher={Newnes}
}

@online{simpl,
 title = {SIM-PL},
 year = {Accessed April 2, 2015},
 url = {http://csa.science.uva.nl/sim-pl}
}
